% Git Entries
@misc{git_scm_1.1,
  title = {Git - About Version Control},
  url = {https://git-scm.com/book/en/v2/Getting-Started-About-Version-Control},
  urldate = {2023-11-24},
}

@misc{git_scm_1.2,
  title = {Git - A Short History of Git},
  url = {https://git-scm.com/book/en/v2/Getting-Started-A-Short-History-of-Git},
  urldate = {2023-11-24},
}

@misc{git_scm_2.2,
  title = {Git - Recording Changes to the Repository},
  url = {
         https://git-scm.com/book/en/v2/Git-Basics-Recording-Changes-to-the-Repository
         },
  urldate = {2023-11-24},
}

@misc{rcs_documentation,
  title = {RCS - GNU Project - Free Software Foundation},
  url = {https://www.gnu.org/software/rcs/},
  urldate = {2023-11-24},
}

@misc{cvs_documentation,
  title = {CVS - Open Source Version Control},
  url = {https://cvs.nongnu.org},
  urldate = {2023-11-24},
}

% Github Entries
@misc{github_documentation,
  title = {GitHub Docs},
  url = {https://docs.github.com/en},
  urldate = {2023-11-24},
}

@misc{github_user_count,
  title = {100 million developers and counting - The GitHub Blog},
  url = {https://github.blog/2023-01-25-100-million-developers-and-counting/},
  urldate = {2023-11-24},
}

  % JS Entries
@misc{JS_Mozilla,
  title = {JavaScript - MDN Web Docs},
  url = {https://developer.mozilla.org/en-US/docs/Web/JavaScript},
  urldate = {2023-11-24},
}

@misc{TS_Microsoft,
  title = {TypeScript: JavaScript With Syntax For Types},
  url = {https://www.typescriptlang.org/},
  urldate = {2023-11-24},
}

@misc{SO_Survey_2023,
  title = {Stack Overflow Developer Survey 2023},
  url = {https://survey.stackoverflow.co/2023/},
  urldate = {2023-11-24},
}

% LaTex Entries
@misc{latex_project,
  title = {LaTeX documentation},
  url = {https://www.latex-project.org/help/documentation/},
  urldate = {2023-11-24},
}

@misc{overleaf_30,
  title = {Learn LaTeX in 30 minutes - Overleaf, Online LaTeX Editor},
  url = {https://www.overleaf.com/learn/latex/Learn_LaTeX_in_30_minutes},
  urldate = {2023-11-24},
}

@misc{ctan_homepage,
  title = {CTAN: Comprehensive TeX Archive Network},
  url = {https://ctan.org/},
  urldate = {2023-11-24},
}

@book{texbook,
  author = {Donald E. Knuth},
  year = {1986},
  title = {The {\TeX} Book},
  publisher = {Addison-Wesley Professional},
}

@book{latex2e,
  author = {Leslie Lamport},
  year = {1994},
  title = {{\LaTeX}: a Document Preparation System},
  publisher = {Addison Wesley},
  address = {Massachusetts},
  edition = {2},
}

% Learning Theory Entries
